@article{wilson2014scicomputing,
  doi = {10.1371/journal.pbio.1001745},
  author = {Wilson, Greg AND Aruliah, D. A. AND Brown, C. Titus AND Chue Hong, Neil P. AND Davis, Matt AND Guy, Richard T. AND Haddock, Steven H. D. AND Huff, Kathryn D. AND Mitchell, Ian M. AND Plumbley, Mark D. AND Waugh, Ben AND White, Ethan P. AND Wilson, Paul},
  journal = {PLOS Biology},
  publisher = {Public Library of Science},
  title = {Best Practices for Scientific Computing},
  year = {2014},
  month = {01},
  volume = {12},
  url = {https://doi.org/10.1371/journal.pbio.1001745},
  pages = {1-7},
  abstract = {We describe a set of best practices for scientific software development, based on research and experience, that will improve scientists' productivity and the reliability of their software.},
  number = {1},

}

@article{campbell2013history,
  title={The history of the internet: the missing narratives},
  author={Campbell-Kelly, Martin and Garcia-Swartz, Daniel D},
  journal={Journal of Information Technology},
  volume={28},
  number={1},
  pages={18--33},
  year={2013},
  publisher={SAGE Publications Sage UK: London, England}
}

@book{crutcheressential,
  title={Essential Computer Science},
  author={Crutcher, Paul D and Singh, Neeraj Kumar and Tiegs, Peter},
  publisher={Springer},
  year = {2021},
  isbn = {978-1-4842-7107-0},
  pages = {290},
}